@online{introSlides,
    author = "Antonio Frangioni",
    title = "Introduction to Computational Math course",
    url = "https://elearning.di.unipi.it/pluginfile.php/32993/mod_resource/content/2/0-introduction.pdf",
}
